<record><leader>00000cas a22000007a 4500</leader><controlfield tag="001">25615673</controlfield><controlfield tag="008">920409d19111913scuwr ne      0    0eng d</controlfield><datafield ind1=" " ind2=" " tag="010"><subfield code="a">sn 92065511 </subfield></datafield><datafield ind1=" " ind2=" " tag="040"><subfield code="a">SVN</subfield><subfield code="b">eng</subfield><subfield code="c">SVN</subfield><subfield code="d">OCLCQ</subfield></datafield><datafield ind1=" " ind2=" " tag="042"><subfield code="a">msc</subfield></datafield><datafield ind1="0" ind2=" " tag="130"><subfield code="a">News-advocate (Leesville, S.C.)</subfield></datafield><datafield ind1="1" ind2="4" tag="245"><subfield code="a">The news-advocate.</subfield></datafield><datafield ind1=" " ind2=" " tag="260"><subfield code="a">Leesville, S.C. :</subfield><subfield code="b">J.O. Eargle</subfield></datafield><datafield ind1=" " ind2=" " tag="300"><subfield code="a">v.</subfield></datafield><datafield ind1=" " ind2=" " tag="310"><subfield code="a">Weekly</subfield></datafield><datafield ind1="0" ind2=" " tag="362"><subfield code="a">Vol. 18, no. 6 (Nov. 16, 1911)-</subfield></datafield><datafield ind1="1" ind2=" " tag="362"><subfield code="a">Ceased in 1913.</subfield><subfield code="z">Moore, South Carolina Newspapers.</subfield></datafield><datafield ind1=" " ind2="4" tag="651"><subfield code="a">Lexington County (S.C.)</subfield><subfield code="v">Newspapers.</subfield></datafield><datafield ind1=" " ind2=" " tag="752"><subfield code="a">United States</subfield><subfield code="b">South Carolina</subfield><subfield code="c">Lexington</subfield><subfield code="d">Leesville.</subfield></datafield><datafield ind1="0" ind2="4" tag="780"><subfield code="t">Leesville news</subfield><subfield code="w">(DLC)sn 92065504</subfield></datafield><datafield ind1="0" ind2="4" tag="780"><subfield code="t">Batesburg advocate</subfield><subfield code="w">(DLC)sn 92065508</subfield></datafield><datafield ind1="0" ind2="0" tag="785"><subfield code="t">Batesburg herald and Leesville news-advocate</subfield><subfield code="w">(DLC)sn 92065515</subfield></datafield><datafield ind1="1" ind2=" " tag="029"><subfield code="a">AU@</subfield><subfield code="b">000020694105</subfield></datafield></record>